
% Journals

% First the Full Name is given, then the abbreviation used in the AMS Math
% Reviews, with an indication if it could not be found there.
% Note the 2nd overwrites the 1st, so swap them if you want the full name.

%Entries

@Article{Pelli07,
  author        = "Denis G. Pelli, Katharine A. Tillman, Jeremy Freeman, Michael Su, Tracey D. Berger, and Najib J. Majaj",
  title         = "Crowding and eccentricity determine reading rate",
  journal       = "Journal of Vision",
  volume        = "7",
  number        = "2",
  month         = oct,
  year          = "2007",
  doi           = "10.1167/7.2.20",
  url           = "https://doi.org/10.1167/7.2.20",
  note          = "",
}

@Article{Spence02,
  author        = "Robert Spence",
  title         = "Rapid, Serial and Visual: A Presentation Technique with Potential",
  journal       = "Information Visualization",
  volume        = "1",
  number        = "1",
  month         = mar,
  year          = "2002",
  pages         = "13--19",
  doi           = "10.1057/palgrave.ivs.9500008",
  url           = "https://doi.org/10.1057/palgrave.ivs.9500008",
  note          = "",
}

@Article{Rubin91,
  author        = "Gary S. Rubin and Kathleen Turano",
  title         = "Reading without saccadic eye movements",
  journal       = "Vision Research",
  volume        = "32",
  number        = "5",
  month         = may,
  year          = "1991",
  pages         = "895-902",
  doi           = "10.1016/0042-6989(92)90032-E",
  url           = "https://doi.org/10.1016/0042-6989(92)90032-E",
  note          = "",
}

@Article{Rayner16,
  author        = "Rayner, K., Schotter, E. R., Masson, M. E. J., Potter, M. C., and Treiman, R",
  title         = "So Much to Read, So Little Time: How Do We Read, and Can Speed Reading Help?",
  journal       = "Psychological Science in the Public Interest",
  volume        = "17",
  number        = "1",
  month         = jan,
  year          = "2016",
  pages         = "4-34",
  doi           = "10.1177/1529100615623267",
  url           = "https://doi.org/10.1177/1529100615623267",
  note          = "",
}



@Article{Chung18,
  author        = "Chung STL and Bernard JB",
  title         = "Bolder print does not increase reading speed in people with central vision loss",
  journal       = "Vision Res",
  month         = dec,
  year          = "2018",
  pages         = "98-104",
  doi           = "10.1016/j.visres.2018.10.012",
  url           = "http://doi.acm.org/10.1016/j.visres.2018.10.012",
  note          = "",
}

@Article{Fine98,
  author        = "Fine EM and Peli E",
  title         = "Benefits of rapid serial visual presentation (RSVP) over scrolled text vary with letter size",
  journal       = "Optom Vis Sci",
  volume        = "75",
  number        = "3",
  month         = mar,
  year          = "1998",
  doi           = "10.1097/00006324-199803000-00024",
  url           = "https://doi.org/10.1097/00006324-199803000-00024",
  note          = "",
}

@Article{Brysbaert19,
  author        = "Marc Brysbaert",
  title         = "How many words do we read per minute? A review and meta-analysis of reading rate",
  journal       = "Journal of Memory and Language",
  volume        = "109",
  month         = dec,
  year          = "2019",
  doi           = "10.1016/j.jml.2019.104047",
  url           = "https://doi.org/10.1016/j.jml.2019.104047",
  note          = "",
}

@Article{Hall04,
  author        = "Richard Hall and Patrick Hanna",
  title         = "The impact of web page text-background colour combinations on readability, retention, aesthetics and behavioural intention",
  journal       = "Behaviour & Information Technology",
  volume        = "23",
  number        = "3",
  month         = jun,
  year          = "2004",
  pages         = "183--195",
  doi           = "10.1080/01449290410001669932",
  url           = "https://doi.org/10.1080/01449290410001669932",
  note          = "",
}

@Article{Bohm14,
  author        = "Thomas Bohm",
  title         = "Letter and symbol misrecognition in highly legible typefaces for general, children, dyslexic, visually impaired and ageing readers",
  journal       = "Information Design Journal",
  month         = dec,
  year          = "2014",
  doi           = "10.1075/idj.21.1.05boh",
  url           = "https://doi.org/10.1075/idj.21.1.05boh",
  note          = "",
}

@Article{Acklin17,
  author        = "Acklin D and Papesh MH",
  title         = "Modern Speed-Reading Apps Do Not Foster Reading Comprehension",
  journal       = "Am J Psychol",
  year          = "2017",
  pages         = "183--199",
  doi           = "10.5406/amerjpsyc.130.2.0183",
  url           = "https://doi.org/10.5406/amerjpsyc.130.2.0183",
  note          = "",
}
